% Viola and Jones -> Detecci√≥n de cara en tiempo real
@INPROCEEDINGS{ViolaJones,
    author = {Paul Viola and Michael Jones},
    title = {Robust Real-time Object Detection},
    booktitle = {International Journal of Computer Vision},
    year = {2001}
}

@ARTICLE{Lee96imagerepresentation,
    author = {Tai Sing Lee},
    title = {Image Representation Using 2D Gabor Wavelets},
    journal = {IEEE Trans. Pattern Analysis and Machine Intelligence},
    year = {1996},
    volume = {18},
    pages = {959--971}
}
